@book
{ref1,
author={Demazure, Michel},
title={Cours d'algèbre (seconde édition)},
publisher={Cassini},
}

@book
{ref2,
author={Tauvel, Patrice},
title={Corps commutatifs et théorie de Galois},
publisher={Calvage et Mounet},
}

@book
{ref3,
author={Guin, Daniel AND Hausberger, Thomas},
title={Algèbre I : Groupes, corps et théorie de Galois},
publisher={EDP Sciences},
}

@book
{ref4,
author={Escofier, Jean-Pierre},
title={Théorie de Galois},
publisher={Dunod},
}

@unpublished
{ref5,
author={Madore, D.},
title={Factorisation de polynômes sur les corps finis},
}

@unpublished
{ref6,
author={Ollivier, R.},
title={Résolution d'un système linéaire par l'algorithme de Wiedermann},
}

@unpublished
{ref7,
author={Stern, Jacques},
title={Polynômes à une variable},
note={Algorithme et programmation (cours avancé à l'ENS)},
year={2011},
month={janvier}
}

@unpublished
{ref8,
author={Schost, Eric},
title={Factorisation des polynômes},
note={STIX, Ecole polytechnique},
year={2004},
month={novembre}
}

@book
{ref10,
author={Roman, Steven},
title={Field theory (Second edition)},
publisher={Springer},
year={2007},
month={décembre}
}
