@article
{ref1,
author={\textsc{Schoof} René},
title={Elliptic curves over finite fields and the computation of square roots mod p},
journal={Mathematics of computation},
year={1985},
volume={44},
number={170},
pages={483-494}
}

@book
{ref2,
author={\textsc{Crandall} R., \textsc{Pomerance} C.},
title={Prime numbers: a computational perspective},
publisher={Springer Science \& Business Media},
volume={182},
year={2006}
}

@book
{ref3,
author={\textsc{Blake} I. F., \textsc{Seroussi} G., \textsc{Smart} N.},
title={Elliptic curves in cryptography},
publisher={Cambridge university press},
volume={265},
year={1999}
}

@article
{ref4,
author={\textsc{Krir} Mohamed},
title={Cours de courbes elliptiques},
journal={Master 2 AA, Université Paris-Saclay},
year={2017},
}

@article
{ref5,
author={\textsc{Zuily} Claude},
title={Une démonstration du théorème des nombres premiers},
journal={Licence 3 de Mathématiques, Université d'Orsay},
year={2007},
}